@article{atari,
  author    = {Volodymyr Mnih and
               Koray Kavukcuoglu and
               David Silver and
               Alex Graves and
               Ioannis Antonoglou and
               Daan Wierstra and
               Martin A. Riedmiller},
  title     = {Playing Atari with Deep Reinforcement Learning},
  journal   = {CoRR},
  volume    = {abs/1312.5602},
  year      = {2013},
  url       = {http://arxiv.org/abs/1312.5602},
  archivePrefix = {arXiv},
  eprint    = {1312.5602},
  timestamp = {Mon, 13 Aug 2018 16:47:42 +0200},
  biburl    = {https://dblp.org/rec/journals/corr/MnihKSGAWR13.bib},
  bibsource = {dblp computer science bibliography, https://dblp.org}
}

@article{ddpg,
  title={Continuous control with deep reinforcement learning},
  author={Lillicrap, Timothy P and Hunt, Jonathan J and Pritzel, Alexander and Heess, Nicolas and Erez, Tom and Tassa, Yuval and Silver, David and Wierstra, Daan},
  journal={arXiv preprint arXiv:1509.02971},
  year={2015}
}

@inproceedings{dpg,
  title={Deterministic policy gradient algorithms},
  author={Silver, David and Lever, Guy and Heess, Nicolas and Degris, Thomas and Wierstra, Daan and Riedmiller, Martin},
  year={2014}
}

@Online{deep,
title = "Lecture 10: Deep reinforcement learning",
Author = {Matthia Sabatelli},
url = "https://glouppe.github.io/info8010-deep-learning/pdf/lec10.pdf",
urldate = "2020-05-01",
year = {2020},
}

@article{expoMovAvg,
  title={Human-level control through deep reinforcement learning},
  author={Mnih, Volodymyr and Kavukcuoglu, Koray and Silver, David and Rusu, Andrei A and Veness, Joel and Bellemare, Marc G and Graves, Alex and Riedmiller, Martin and Fidjeland, Andreas K and Ostrovski, Georg and others},
  journal={Nature},
  volume={518},
  number={7540},
  pages={529--533},
  year={2015},
  publisher={Nature Publishing Group}
}

@article{posOverEsti,
  author    = {Scott Fujimoto and
               Herke van Hoof and
               David Meger},
  title     = {Addressing Function Approximation Error in Actor-Critic Methods},
  journal   = {CoRR},
  volume    = {abs/1802.09477},
  year      = {2018},
  url       = {http://arxiv.org/abs/1802.09477},
  archivePrefix = {arXiv},
  eprint    = {1802.09477},
  timestamp = {Sat, 28 Sep 2019 00:58:01 +0200},
  biburl    = {https://dblp.org/rec/journals/corr/abs-1802-09477.bib},
  bibsource = {dblp computer science bibliography, https://dblp.org}
}

@inproceedings{init,
  title={Understanding the difficulty of training deep feedforward neural networks},
  author={Glorot, Xavier and Bengio, Yoshua},
  booktitle={Proceedings of the thirteenth international conference on artificial intelligence and statistics},
  pages={249--256},
  year={2010}
}

@article{sac,
  author    = {Tuomas Haarnoja and
               Aurick Zhou and
               Pieter Abbeel and
               Sergey Levine},
  title     = {Soft Actor-Critic: Off-Policy Maximum Entropy Deep Reinforcement Learning
               with a Stochastic Actor},
  journal   = {CoRR},
  volume    = {abs/1801.01290},
  year      = {2018},
  url       = {http://arxiv.org/abs/1801.01290},
  archivePrefix = {arXiv},
  eprint    = {1801.01290},
  timestamp = {Mon, 13 Aug 2018 16:48:10 +0200},
  biburl    = {https://dblp.org/rec/journals/corr/abs-1801-01290.bib},
  bibsource = {dblp computer science bibliography, https://dblp.org}
}

@article{protoAction,
  author    = {Gabriel Dulac{-}Arnold and
               Richard Evans and
               Peter Sunehag and
               Ben Coppin},
  title     = {Reinforcement Learning in Large Discrete Action Spaces},
  journal   = {CoRR},
  volume    = {abs/1512.07679},
  year      = {2015},
  url       = {http://arxiv.org/abs/1512.07679},
  archivePrefix = {arXiv},
  eprint    = {1512.07679},
  timestamp = {Mon, 27 Jan 2020 16:21:19 +0100},
  biburl    = {https://dblp.org/rec/journals/corr/Dulac-ArnoldESC15.bib},
  bibsource = {dblp computer science bibliography, https://dblp.org}
}

@ARTICLE{flann, author={M. {Muja} and D. G. {Lowe}}, journal={IEEE Transactions on Pattern Analysis and Machine Intelligence}, title={Scalable Nearest Neighbor Algorithms for High Dimensional Data}, year={2014}, volume={36}, number={11}, pages={2227-2240},}

@article{adam,
  title={Adam: A method for stochastic optimization},
  author={Kingma, Diederik P and Ba, Jimmy},
  journal={arXiv preprint arXiv:1412.6980},
  year={2014}
}

@article{autocorrelated,
  title={Control policy with autocorrelated noise in reinforcement learning for robotics},
  author={Wawrzynski, Pawel},
  journal={International Journal of Machine Learning and Computing},
  volume={5},
  number={2},
  pages={91},
  year={2015},
  publisher={IACSIT Press}
}